% Encoding: UTF-8

@Book{Parr2015,
  author    = {Parr, Terence},
  publisher = {O'Reilly UK Ltd.},
  title     = {The Definitive ANTLR 4 Reference},
  year      = {2015},
  isbn      = {1934356999},
  date      = {2015-12-01},
  ean       = {9781934356999},
  pagetotal = {328},
  url       = {https://www.ebook.de/de/product/19253876/terence_parr_the_definitive_antlr_4_reference.html},
}

@Book{Ullenboom2018,
  author    = {Ullenboom, Christian},
  publisher = {Rheinwerk Computing},
  title     = {Java ist auch eine Insel : Einfuehrung, Ausbildung, Praxis},
  year      = {2018},
  address   = {Bonn},
  isbn      = {9783836258692},
}

@Comment{jabref-meta: databaseType:bibtex;}
